@book{WILHELM2007,
  title={Prozessorganisation},
  author={Wilhelm, Rudolf},
  year={2007},
  publisher={Oldenbourg Verlag}
}

@inbook{Aalst2021,
    author = {Wil van der Aalst},
    title = {12 Process mining and RPA},
    booktitle = {Robotic Process Automation},
    year = {2021},
    publisher = {De Gruyter Oldenbourg},
    pages = {223--240}
}

@book{Aalst2004,
  title={Workflow Management: Models, Methods, and Systems},
  author={Wil van der Aalst and van Hee, K.M. and van Hee, K.},
  isbn={9780262720465},
  lccn={2001042602},
  series={Cooperative information systems},
  year={2004},
  publisher={MIT Press}
}

@online{AalstProcessMining,
    title = {Hybrid Intelligence: To Automate or Not to Automate, That is the question! (PEX Process Mining 2021)},
    date = {10.03.2021},
    organization = {Youtube},
    author = {Wil van der Aalst},
    url = {https://youtu.be/ECPEJHN4YbY?t=3347},
}

@online{uiPathReq,
    author={AP-Verlag},
    title = {Diese sieben Kernanforderungen sollte eine RPA-Plattform mitbringen},
    date = {26.11.2018},
    organization = {AP-Verlag},
    url = {https://ap-verlag.de/diese-sieben-kernanforderungen-sollte-eine-rpa-plattform-mitbringen/48518/},
}

@Inbook{Fleischmann2018,
    author="Fleischmann, Albert
    and Oppl, Stefan
    and Schmidt, Werner
    and Stary, Christian",
    title="Modellierungssprachen",
    bookTitle="Ganzheitliche Digitalisierung von Prozessen: Perspektivenwechsel -- Design Thinking -- Wertegeleitete Interaktion",
    year="2018",
    publisher="Springer Fachmedien Wiesbaden",
    address="Wiesbaden",
    pages="71--128",
    abstract="Mithilfe von ModellierungssprachenSprachewirdModellierungssprachefestgelegt, mit welchen Konzepten ein Ausschnitt der menschlich wahrgenommenen Realit{\"a}t beschrieben werden kann und wie diese zueinander in Beziehung gesetzt werden k{\"o}nnen. Modellierungssprachen stellen also das Vokabular und die Grammatik zur Verf{\"u}gung, die ben{\"o}tigt werden, um Sachverhalte der menschlich wahrgenommenen Realit{\"a}t in Modellen abbilden zu k{\"o}nnen. Sie werden in der Folge strukturiert betrachtet.",
    isbn="978-3-658-22648-0",
    doi="10.1007/978-3-658-22648-0_3",
    url="https://doi.org/10.1007/978-3-658-22648-0_3"
}

@book{winter2000,
  title={Referenz-Metaschema f{\"u}r visuelle Modellierungssprachen},
  author={Winter, Andreas},
  year={2000},
  publisher={Dt. Univ.-Verlag}
}

@online{pwcRPA,
    author={PwC},
    title = {Robotic Process Automation (RPA) in der DACH-Region},
    date = {Juni 2020},
    organization = {PwC},
    author = {Andrea Bardens},
    url = {https://www.pwc.de/de/rechnungslegung/robotic-process-automation-rpa-in-der-dach-region.pdf},
}

@online{GartnerQuadrant,
    author={Gartner},
    title = {2020 Gartner Magic Quadrant for Robotic Process Automation},
    date = {Juli 2020},
    organization = {Gartner Inc.},
    url = {https://www.uipath.com/de/company/rpa-analyst-reports/gartner-magic-quadrant-robotic-process-automation},
}

@online{ISGRPA,
    author={ISG},
    title = {Robotic Process Automation (RPA) sorgt für mehr Produktivität und nicht für Jobverluste},
    date = {08.05.2017},
    organization = {ISG},
    url = {https://isg-one.com/docs/default-source/default-document-library/isg-automation-index-de_final_form.pdf?sfvrsn=15defe31_0},
}

@mastersthesis{mastersthesisLobe,
  author       = {Christopher Lobe}, 
  title        = {Bewertung der Eignung von Modellierungssprachen zur ebenenübergreifenden Prozessdarstellung im Managementhandbuch},
  school       = {Universität Magdeburg},
  date         = {20.11.2015},
}

@booklet{Clemente2011,
    author = {Minonne, Clemente and Colicchio, Carlo and Keller, Thomas and Litzke, Matthias},
    year = {2011},
    month = {01},
    pages = {},
    title = {Business Process Management 2011 - Status quo und Zukunft : Eine empirische Studie im deutschsprachigen Europa},
    doi = {10.21256/zhaw-1026}
}

@Inbook{Hering1984,
    author= {Hering, Ekbert},
    title="Programmablaufplan nach DIN 66001",
    bookTitle="Software-Engineering: Mit 77 Bildern und 22 {\"U}bungsaufgaben",
    year="1984",
    publisher="Vieweg+Teubner Verlag",
    address="Wiesbaden",
    pages="26--34",
    abstract="Der Programmablaufplan beschreibt durch Verwendung von Sinnbildern symbolisch den Ablauf oder die Reihenfolge logischer Operationen, die zur L{\"o}sung von Problemen notwendig sind.",
    isbn="978-3-322-86222-8",
    doi="10.1007/978-3-322-86222-8_4",
    url="https://doi.org/10.1007/978-3-322-86222-8_4"
}

@article{epkSyntax,
  title={Syntax und semantik ereignisgesteuerter prozessketten (epk)},
  author={N{\"u}ttgens, Markus and Rump, Frank J},
  journal={Promise 2002--Prozessorientierte Methoden und Werkzeuge f{\"u}r die Entwicklung von Informationssystemen},
  year={2002},
  publisher={Gesellschaft f{\"u}r Informatik eV}
}

@InProceedings{rpameetsbpmn,
    author={Flechsig, Christian
    and Lohmer, Jacob
    and Lasch, Rainer},
    title="Realizing the Full Potential of Robotic Process Automation Through a Combination with BPM",
    booktitle="Logistics Management",
    year="2019",
    publisher="Springer International Publishing",
    pages="104--119",
}

@InProceedings{alejandro,
    author={Aguirre, Santiago
    and Rodriguez, Alejandro"},
    title="Automation of a Business Process Using Robotic Process Automation (RPA): A Case Study",
    booktitle="Applied Computer Sciences in Engineering",
    year="2017",
    publisher="Springer International Publishing",
    pages="65--71",
}

@online{Viadee,
    author={Viadee},
    title = {Robotic Process Automation mit BPMN und CAMUNDA},
    date = {August 2018},
    organization = {Viadee AG},
    author = {Dr. Frank Köhne},
    url = {https://blog.viadee.de/robotic-process-automation-mit-bpmn-und-camunda},
}


